@book{chowdhary2020fundamentals,
  title={Fundamentals of artificial intelligence},
  author={Chowdhary, KR},
  year={2020},
  publisher={Springer}
}

@article{ccakmak2022chatbot,
  title={Chatbot-Human Interaction and Its Effects on EFL Students' L2 Speaking Performance and Anxiety.},
  author={{\c{C}}akmak, Fidel},
  journal={Novitas-ROYAL (Research on Youth and Language)},
  volume={16},
  number={2},
  pages={113--131},
  year={2022},
  publisher={ERIC}
}

@article{de2009praat,
  title={Praat script to detect syllable nuclei and measure speech rate automatically},
  author={De Jong, Nivja H and Wempe, Ton},
  journal={Behavior research methods},
  volume={41},
  number={2},
  pages={385--390},
  year={2009},
  publisher={Springer}
}

@article{duong2024effects,
  title={The Effects of an Artificial Intelligence Voice Chatbot on Improving Vietnamese Undergraduate Students’ English Speaking Skills},
  author={Duong, Tam and Suppasetseree, Suksan},
  journal={International Journal of Learning, Teaching and Educational Research},
  volume={23},
  number={3},
  pages={293--321},
  year={2024}
}

@article{efthymiou2024power,
  title={The power of AI-generated voices: How digital vocal tract length shapes product congruency and ad performance},
  author={Efthymiou, Fotis and Hildebrand, Christian and de Bellis, Emanuel and Hampton, William H},
  journal={Journal of Interactive Marketing},
  volume={59},
  number={2},
  pages={117--134},
  year={2024},
  publisher={SAGE Publications Sage CA: Los Angeles, CA}
}

@article{fitria2021use,
  title={The use technology based on artificial intelligence in English teaching and learning},
  author={Fitria, Tira Nur},
  journal={ELT Echo: The Journal of English Language Teaching in Foreign Language Context},
  volume={6},
  number={2},
  pages={213--223},
  year={2021}
}

@article{han2020effects,
  title={The effects of voice-based AI chatbots on Korean EFL middle school students’ speaking competence and affective domains},
  author={Han, Da-Eun},
  journal={Asia-pacific Journal of Convergent Research Interchange},
  volume={6},
  number={7},
  pages={71--80},
  year={2020}
}

@article{kit2023perception,
  title={Perception of university students towards the use of artificial intelligence-generated voice in explainer videos},
  author={Kit, L and Yuin-Y, Chew and Zulkifli, Balqis and Nie, K},
  journal={SEARCH Journal of Media and Communication Research. Obtained from https://fslmjournals. taylors. edu. my/wp-content/uploads/SEARCH/SEARCH-2023-Special-Issue-SEARCH-Conf2022/SEARCH-2023-P6-15-SEARCHConf2022. pdf},
  year={2023}
}

@article{longoni2019resistance,
  title={Resistance to medical artificial intelligence},
  author={Longoni, Chiara and Bonezzi, Andrea and Morewedge, Carey K},
  journal={Journal of Consumer Research},
  volume={46},
  number={4},
  pages={629--650},
  year={2019},
  publisher={Oxford University Press}
}

@article{pokrivcakova2019preparing,
  title={Preparing teachers for the application of AI-powered technologies in foreign language education},
  author={Pokrivcakova, Silvia},
  journal={Journal of Language and Cultural Education},
  volume={7},
  number={3},
  pages={135--153},
  year={2019}
}

@article{wang2023voice,
  title={Voice-based AI in call center customer service: A natural field experiment},
  author={Wang, Lingli and Huang, Ni and Hong, Yili and Liu, Luning and Guo, Xunhua and Chen, Guoqing},
  journal={Production and Operations Management},
  volume={32},
  number={4},
  pages={1002--1018},
  year={2023},
  publisher={SAGE Publications Sage CA: Los Angeles, CA}
}

@article{zellou2021influence,
  title={The influence of conversational role on phonetic alignment toward voice-AI and human interlocutors},
  author={Zellou, Georgia and Cohn, Michelle and Kline, Tyler},
  journal={Language, Cognition and Neuroscience},
  volume={36},
  number={10},
  pages={1298--1312},
  year={2021},
  publisher={Taylor \& Francis}
}
